%%%tesisupiita )Tesis: UPIITA-IPN
%Copyright (C) 2017 Juan Carlos Guzmán Salgado
%% Griselda Sánchez Otero
% ------------------------------------------------------------------------
% SAMPLE BIBLIOGRAPHY FILE
% ------------------------------------------------------------------------

% ------------------------------------------------------------------------
% Resumen
@misc{CanSat-competition-website,
  title = {{CanSat} Competition},
  howpublished = {\url{http://www.cansatcompetition.com/}},
  note = {Accessed: 2019-09-30}
}

% ------------------------------------------------------------------------
% Justificación
@misc{UNAM-PEU-website,
  title = {{Programa Espacial Universitario}},
  howpublished = {\url{http://peu.unam.mx/cansat.html}},
  note = {Accessed: 2019-09-30}
}

@misc{UDG-CUCEI-website,
  title = {{CanSat CUCEI}},
  howpublished = {\url{http://cansat.cucei.udg.mx/}},
  note = {Accessed: 2019-09-30}
}

% ------------------------------------------------------------------------
% Antecedentes
@mastersthesis{chilenio_2017,
  author        = "{{Sandoval Chilenio, M. A.}, {Champo V\'azquez, A.}, {Dom\'inguez Le\'on, M. A.},{Gamboa V\'azquez, A. A. G.}, {Meraz Fattel, J. F.}}",
  title         = "Prototipo CanSat",
  school        = "UPIITA, Instituto Polit\'ecnico Nacional",
  address       = "Ciudad de M\'exico, M\'exico",
  type          = "Tesis de Licenciatura",
  year          = "2017",
}

@mastersthesis{pegueros_2017,
  author        = "{{Pegueros Denis, C.}, {Ponce de Le\'on Ch\'avez, A.}, {Rodr\'iguez Romero, O. E.}}",
  title         = "Desarrollo de una computadora de vuelo, celdas solares y antenas de un Tubesat, as\'i como control de rotores, antenas, e integraci\'on del radio de una estaci\'on terrena",
  school        = "UPIITA, Instituto Polit\'ecnico Nacional",
  address       = "Ciudad de M\'exico, M\'exico",
  type          = "Tesis de Licenciatura",
  year          = "2017",
}

@INPROCEEDINGS{gomez_2018,
  author		= {A. {Roa} and M. {Paz} and A. {Calvillo} and J. {Paz} and O. {Morales} and J. {Perez}},
  booktitle		= {Computaci\'on y Sistemas}, 
  title			= {An\'alisis din\'amico estructural de sat\'elite educativo CanSat}, 
  year			= {2018},
  volume		= {22},
  number		= {2},
  pages			= {451-461},
}

@INPROCEEDINGS{vahid_2014,
  author		= {V. {Bohlouri} and A. {Kosari} and MRM. {Aliha}},
  booktitle		= {Engineering Solid Mechanics}, 
  title			= {Systematic design of an atmospheric data acquisition flying vehicle telemetry system}, 
  year			= {2014},
  volume		= {2},
  number		= {4},
  pages			= {265-276},
}

@INPROCEEDINGS{chirag_2014,
  author		= {C. {Sachdeva} and M. {Gupta}},
  booktitle		= {55th AIAA Aerospace Sciences Meeting}, 
  title			= {A Nano-Satellite System for Atmospheric Monitoring and Ground Imaging}, 
  year			= {2017},
  volume		= {},
  number		= {},
  pages			= {},
}

% ------------------------------------------------------------------------
